@ARTICLE{bib:rosebery,
	AUTHOR="R. Nemirovsky Rosebery and S. Ann and J. Solomon and B. Warren",
	TITLE="What Are We Going to Do Next?",
	JOURNAL="Everyday Matters in Science and Mathematics: Studies of Complex
		Classroom Events",
	YEAR="2005",
	PAGES="299--327"
}
@ARTICLE{bib:khan-maull,
	AUTHOR="H. Khan, K. Maull",
	TITLE="Teaching Boxes: Lessons for Digital Library Resource Reuse",
	JOURNAL="Boulder, Department of Computer Science, University of Colorado
		at Boulder",
	YEAR="2005"
}
@ARTICLE{bib:khan-maull2,
	AUTHOR="H. Khan, K. Maull",
	TITLE="Customizable Teaching Boxes: A Window to Digital Library Resource
		Reuse",
	JOURNAL="Boulder, Department of Computer Science, University of Colorado
		at Boulder",
	YEAR="2005"
}
@ARTICLE{bib:khan,
	AUTHOR="Huda Khan",
	TITLE="Teaching Boxes: Reusable Instructional Components",
	JOURNAL="",
	YEAR="2005"
}
@ARTICLE{bib:teachingboxes.org,
	AUTHOR="",
	TITLE="",
	JOURNAL="http://www.teachingboxes.org",
	YEAR=""
}
@ARTICLE{bib:preview,
	AUTHOR="",
	TITLE="",
	JOURNAL="http://preview.dlese.org",
	YEAR=""
}
@ARTICLE{bib:wiki,
	AUTHOR="",
	TITLE="",
	JOURNAL="http://swiki.dlese.org/CA-Piolot/1",
	YEAR=""
}
